<?xml version="1.0" encoding="UTF-8"?><record xmlns="http://www.loc.gov/MARC21/slim" xmlns:cinclude="http://apache.org/cocoon/include/1.0" xmlns:zs="http://www.loc.gov/zing/srw/">
  <leader>00577nz  a2200133n  4500</leader>
  <controlfield tag="001">n 2006211452</controlfield>
  <controlfield tag="003">DLC</controlfield>
  <controlfield tag="005">20060531123826.0</controlfield>
  <controlfield tag="008">060531n| acannaabn          |a aaa      </controlfield>
  <datafield tag="010" ind1=" " ind2=" ">
    <subfield code="a">n 2006211452</subfield>
  </datafield>
  <datafield tag="040" ind1=" " ind2=" ">
    <subfield code="a">DLC</subfield>
    <subfield code="b">eng</subfield>
    <subfield code="c">DLC</subfield>
  </datafield>
  <datafield tag="100" ind1="1" ind2=" ">
    <subfield code="a">Caldas, Suely</subfield>
  </datafield>
  <datafield tag="400" ind1="1" ind2=" ">
    <subfield code="a">Caldas, Sueli</subfield>
  </datafield>
  <datafield tag="670" ind1=" " ind2=" ">
    <subfield code="a">Caldas, Suely. Jornalismo econômico, 2003:</subfield>
    <subfield code="b">t.p. (Suely Caldas) cover p. 4 (diretora da sucursal do O Estado de S. Paulo no Rio de Janeiro; no Estadão, assina uma coluna de economia aos domingos; ex-presa política nos anos 70, integrou a direção do Comitê Brasileiro pela anistia)</subfield>
  </datafield>
</record>